@booklet{fonseca_et_al:2005,
    author = {Ricardo da Fonseca and Juliano Fiorelli and Fábio Sampaio Rosas},
    title = {Plano de ensino},
    subtitle = {Informática básica},
    year = {2005},
    url = {http://www.dracena.unesp.br/graduacao/arquivos/informatica_basica/inf.pdf},
    urlaccessdate = {17 abril 2010},
}

@booklet{lopes:2002,
    author = {José Junio Lopes},
    title = {A introdução da informática no ambiente escolar},
    year = {2002},
    url = {http://www.clubedoprofessor.com.br/artigos/artigojunio.htm},
    urlaccessdate = {1 maio 2010},
}

@mastersthesis{souza:2001,
    author = {Maria José Araújo Souza},
    title = {Informática educativa na educação matemática},
    subtitle = {Estudo de geometria no ambiente do software Cabri-Géomètre},
    school = {Faculdade de Educação, Universidade Federal do Ceará},
    address = {Ceará},
    year = {2001},
    url = {http://www.multimeios.ufc.br/arquivos/pc/teses-dissertacoes/DissertacaoMaze.pdf},
    urlaccessdate  = {14 maio 2010},
}

@book{richards:2007,
    author = {David Richards},
    title = {Linux Thin Client Networks Design and Deployment},
    publisher = {Packt Publishing},
    address = {Birminghan, Mumbai},
    year = {2007},
}

@techreport{techlearning:2008,
    organization = {Tech Learning},
    title = {Thin Client and Server Virtualization},
    subtitle = {The path to security, manageability, and savings},
    year = {2008},
}
